@article{Bradnam:2013uua,
author = {Bradnam, Keith R and Fass, Joseph N and Alexandrov, Anton and Baranay, Paul and Bechner, Michael and Boisvert10, S{\'e}bastien and Boisvert10, S{\'e}bastien and Chapman, Jarrod A and Chapuis, Guillaume and Chikhi, Rayan and Chitsaz, Hamidreza and Chou, Wen-Chi and Corbeil, Jacques and Del Fabbro, Cristian and Docking, T Roderick and Durbin, Richard and Earl, Dent and Emrich, Scott and Fedotov, Pavel and Fonseca, Nuno A and Ganapathy, Ganeshkumar and Gibbs, Richard A and Gnerre, Sante and Godzaridis, El{\'e}nie and Goldstein, Steve and Haimel, Matthias and Hall, Giles and Haussler, David and Hiatt, Joseph B and Ho, Isaac Y and Howard, Jason and Hunt, Martin and Jackman, Shaun D and Jaffe, David B and Jarvis, Erich and Jiang, Huaiyang and Kazakov, Sergey and Kersey, Paul J and Kitzman, Jacob O and Knight, James R and Koren, Sergey and Lam, Tak-Wah and Lavenier, Dominique and Laviolette, Fran{\c c}ois and Li, Yingrui and Li, Zhenyu and Liu, Binghang and Liu, Yue and Luo, Ruibang and Maccallum, Iain and Macmanes, Matthew D and Maillet, Nicolas and Melnikov, Sergey and Vieira, Bruno Miguel and Vieira, Bruno Miguel and Naquin, Delphine and Ning, Zemin and Otto, Thomas D and Paten, Benedict and Paulo, Oct{\'a}vio S and Phillippy, Adam M and Pina-Martins, Francisco and Place, Michael and Przybylski, Dariusz and Qin, Xiang and Qu, Carson and Ribeiro, Filipe J and Richards, Stephen and Rokhsar, Daniel S and Ruby, J Graham and Scalabrin, Simone and Schatz, Michael C and Schwartz, David C and Sergushichev, Alexey and Sharpe, Ted and Shaw, Timothy I and Shendure, Jay and Shi, Yujian and Simpson, Jared T and Song, Henry and Tsarev, Fedor and Vezzi, Francesco and Vicedomini, Riccardo and Wang, Jun and Worley, Kim C and Yin, Shuangye and Yiu, Siu-Ming and Yuan, Jianying and Zhang, Guojie and Zhang, Hao and Zhou, Shiguo and Korf, Ian F},
title = {{Assemblathon 2: evaluating de novo methods of genome assembly in three vertebrate species}},
journal = {arXiv.org},
year = {2013},
eprint = {1301.5406v1},
eprinttype = {arxiv},
eprintclass = {q-bio.GN},
month = jan
}

@article{Heo:2014cb,
author = {Heo, Yun and Wu, Xiao-Long and Chen, Deming and Ma, Jian and Hwu, Wen-Mei},
title = {{BLESS: bloom filter-based error correction solution for high-throughput sequencing reads.}},
journal = {Bioinformatics (Oxford, England)},
year = {2014},
volume = {30},
number = {10},
pages = {1354--1362},
month = may
}

@article{Heo:2011bl,
author = {Heo, J B and Sung, S},
title = {{Vernalization-Mediated Epigenetic Silencing by a Long Intronic Noncoding RNA}},
journal = {Science (New York, NY)},
year = {2011},
volume = {331},
number = {6013},
pages = {76--79},
month = jan
}

@article{Hiz:2014ep,
author = {Hiz, Mahmut Can and Canher, Balkan and Niron, Harun and Turet, Muge},
title = {{Transcriptome analysis of salt tolerant common bean (\textit{Phaseolus vulgaris L.}) under saline conditions.}},
journal = {PloS one},
year = {2014},
volume = {9},
number = {3},
pages = {e92598}
}

@article{Liang:2013fm,
author = {Liang, Chao and Liang, Chao and Liu, Xuan and Yiu, Siu-Ming and Lim, Boon Leong and Lim, Boon Leong},
title = {{De novo assembly and characterization of \textit{Camelina sativa} transcriptome by paired-end sequencing}},
journal = {BMC Genomics},
year = {2013},
volume = {14},
number = {1},
pages = {146}
}

@article{Shinzato:2014hx,
author = {Shinzato, Chuya and Inoue, Mayuri and Kusakabe, Makoto},
title = {{A snapshot of a coral "holobiont": a transcriptome assembly of the scleractinian coral, porites, captures a wide variety of genes from both the host and symbiotic zooxanthellae.}},
journal = {PloS one},
year = {2014},
volume = {9},
number = {1},
pages = {e85182}
}

@article{Vijay:2012gy,
author = {Vijay, Nagarjun and Poelstra, Jelmer W and K{\"u}nstner, Axel and Wolf, Jochen B W},
title = {{Challenges and strategies in transcriptome assembly and differential gene expression quantification. A comprehensive in silico assessment of RNA-seq experiments}},
journal = {Molecular Ecology},
year = {2013},
volume = {22},
number = {3},
pages = {620--634},
month = feb
}

@article{Wolf:2013hd,
author = {Wolf, Jochen B W},
title = {{Principles of transcriptome analysis and gene expression quantification: an RNA-seq tutorial}},
journal = {Molecular Ecology Resources},
year = {2013},
volume = {13},
number = {4},
pages = {559--572},
month = jul
}

@article{Fitzpatrick:2005vd,
author = {Fitzpatrick, M.J. and Ben-Shahar, Y and Smid, H.M. and Vet, L.E.M. and Vet, L.E.M. and Robinson, G E and Sokolowski, M.B. and Sokolowski, M.B.},
title = {{Candidate genes for behavioural ecology}},
journal = {Trends In Ecology {\&} Evolution},
year = {2005},
volume = {20},
number = {2},
pages = {96--104}
}

@article{Panhuis:2006kp,
author = {Panhuis, T M},
title = {{Molecular Evolution and Population Genetic Analysis of Candidate Female Reproductive Genes in Drosophila}},
journal = {Genetics},
year = {2006},
volume = {173},
number = {4},
pages = {2039--2047},
month = may
}

@article{Le:2013dy,
author = {Le, H S and Schulz, M H and McCauley, B M and Hinman, V F and Bar-Joseph, Z},
title = {{Probabilistic error correction for RNA sequencing}},
journal = {Nucleic Acids Research},
year = {2013},
volume = {41},
number = {10},
pages = {1--11}
}

@article{Nikolenko:2013iu,
author = {Nikolenko, Sergey I and Korobeynikov, Anton I and Alekseyev, Max A},
title = {{BayesHammer: Bayesian clustering for error correction in single-cell sequencing}},
journal = {BMC Genomics},
year = {2013},
volume = {14},
number = {Suppl 1},
pages = {S7},
month = jan
}

@article{Macfarlan:2012js,
author = {Macfarlan, Todd S and Gifford, Wesley D and Driscoll, Shawn and Lettieri, Karen and Rowe, Helen M and Bonanomi, Dario and Firth, Amy and Singer, Oded and Trono, Didier and Pfaff, Samuel L},
title = {{Embryonic stem cell potency fluctuates with endogenous retrovirus activity.}},
journal = {Nature},
year = {2012},
volume = {487},
number = {7405},
pages = {57--63},
month = jul
}

@article{Iqbal:2012fx,
author = {Iqbal, Zamin and and and Caccamo, Mario and Turner, Isaac and Flicek, Paul and Mcvean, Gil},
title = {{De novo assembly and genotyping of variants using colored de Bruijn graphs}},
journal = {Nature Genetics},
year = {2012},
month = jan
}

@article{Paszkiewicz:2010dla,
author = {Studholme, David J},
title = {{De novo assembly of short sequence reads.}},
journal = {Briefings In Bioinformatics},
year = {2010},
volume = {11},
number = {5},
pages = {457--472},
month = sep
}

@article{Bolger:2014ek,
author = {Bolger, Anthony M and Lohse, Marc and Usadel, Bjoern},
title = {{Trimmomatic: a flexible trimmer for Illumina sequence data}},
journal = {Bioinformatics (Oxford, England)},
year = {2014},
volume = {30},
number = {15},
pages = {btu170--2120},
month = apr
}

@article{Garber:2011gp,
author = {Garber, Manuel and Grabherr, Manfred G and Guttman, Mitchell and Trapnell, Cole},
title = {{Computational methods for transcriptome annotation and quantification using RNA-seq}},
journal = {Nature Methods},
year = {2011},
volume = {8},
number = {6},
pages = {469--477},
month = may
}

@article{Cox:2010ch,
author = {Cox, Murray P and Peterson, Daniel A and Biggs, Patrick J},
title = {{SolexaQA: At-a-glance quality assessment of Illumina second-generation sequencing data}},
journal = {BMC Bioinformatics},
year = {2010},
volume = {11},
number = {1},
pages = {485}
}

@article{Martin:2011va,
author = {Martin, Marcel},
title = {{Cutadapt removes adapter sequences from high-throughput sequencing reads}},
journal = {EMBnet.journal},
year = {2011},
volume = {17},
number = {1},
pages = {pp. 10--12},
month = feb
}

@article{Xie:2013wu,
author = {Xie, Yinlong and Wu, Gengxiong and Tang, Jingbo and Luo, Ruibang and Patterson, Jordan and Liu, Shanlin and Huang, Weihua and He, Guangzhu and Gu, Shengchang and Li, Shengkang and Zhou, Xin and Lam, Tak-Wah and Li, Yingrui and Xu, Xun and Wong, Gane Ka-Shu and Wang, Jun},
title = {{SOAPdenovo-Trans: de novo transcriptome assembly with short RNA-Seq reads.}},
journal = {Bioinformatics (Oxford, England)},
year = {2014},
volume = {30},
number = {12},
pages = {1660--1666},
month = jun
}

@article{Pell:2012id,
author = {Pell, Jason and Pell, Jason and Hintze, Arend and Hintze, Arend and Canino-Koning, Rosangela and Canino-Koning, Rosangela and Howe, Adina and Howe, Adina and Tiedje, James M and Tiedje, James M and Brown, C Titus},
title = {{Scaling metagenome sequence assembly with probabilistic de Bruijn graphs.}},
journal = {Proceedings of the National Academy of Sciences},
year = {2012},
volume = {109},
number = {33},
pages = {13272--13277},
month = aug
}

@article{MacManes:2013ec,
author = {MacManes, Matthew David and Eisen, Michael B},
title = {{Improving transcriptome assembly through error correction of high-throughput sequence reads.}},
journal = {PeerJ},
year = {2013},
volume = {1},
pages = {e113}
}

@article{MacManes:2014io,
author = {MacManes, M D},
title = {{On the optimal trimming of high-throughput mRNA sequence data}},
journal = {Frontiers in Genetics},
year = {2014},
volume = {5}
}

@article{Haas:2013jq,
author = {Haas, Brian J and Papanicolaou, Alexie and Yassour, Moran and Grabherr, Manfred and Blood, Philip D and Bowden, Joshua and Couger, Matthew Brian and Eccles, David and Li, Bo and Lieber, Matthias and MacManes, Matthew D and Ott, Michael and Orvis, Joshua and Pochet, Nathalie and Strozzi, Francesco and Weeks, Nathan and Westerman, Rick and William, Thomas and Dewey, Colin N and Henschel, Robert and Leduc, Richard D and Friedman, Nir and Regev, Aviv},
title = {{De novo transcript sequence reconstruction from RNA-seq using the Trinity platform for reference generation and analysis.}},
journal = {Nature protocols},
year = {2013},
volume = {8},
number = {8},
pages = {1494--1512},
month = aug
}

@article{Li:2014er,
author = {Li, B and Fillmore, N and Bai, Y and Collins, M and Thomson, J A and Stewart, R and Dewey, C},
title = {{Evaluation of de novo transcriptome assemblies from RNA-Seq data}},
year = {2014},
month = jun
}

@article{Modrek:2001ud,
author = {Modrek, B and Resch, A and Grasso, C and Lee, C},
title = {{Genome-wide detection of alternative splicing in expressed sequences of human genes.}},
journal = {Nucleic Acids Research},
year = {2001},
volume = {29},
number = {13},
pages = {2850--2859},
month = jul
}

@article{Johnson:2003kh,
author = {Johnson, Jason M and Castle, John and Garrett-Engele, Philip and Kan, Zhengyan and Loerch, Patrick M and Armour, Christopher D and Santos, Ralph and Schadt, Eric E and Stoughton, Roland and Shoemaker, Daniel D},
title = {{Genome-wide survey of human alternative pre-mRNA splicing with exon junction microarrays.}},
journal = {Science (New York, NY)},
year = {2003},
volume = {302},
number = {5653},
pages = {2141--2144},
month = dec
}

@article{Glenn:2011gy,
author = {Glenn, Travis},
title = {{Field guide to next-generation DNA sequencers}},
journal = {Molecular Ecology Resources},
year = {2011},
volume = {11},
number = {5},
pages = {759--769},
month = may
}

@article{Au:2013hp,
author = {Au, Kin Fai and Sebastiano, Vittorio and Afshar, Pegah Tootoonchi and Durruthy, Jens Durruthy and Lee, Lawrence and Williams, Brian A and van Bakel, Harm and Schadt, Eric E and Reijo-Pera, Renee A and Underwood, Jason G and Wong, Wing Hung},
title = {{Characterization of the human ESC transcriptome by hybrid sequencing.}},
journal = {PNAS},
year = {2013},
volume = {110},
number = {50},
pages = {201320101--30},
month = nov
}

@article{Schulz:2012je,
author = {Schulz, Marcel H and Zerbino, Daniel R and Vingron, Martin and Birney, Ewan},
title = {{Oases: robust de novo RNA-seq assembly across the dynamic range of expression levels.}},
journal = {Bioinformatics (Oxford, England)},
year = {2012},
volume = {28},
number = {8},
pages = {1086--1092},
month = apr
}
